@article{ackerson1970state,
  title={On state estimation in switching environments},
  author={Ackerson, G and Fu, K},
  journal={IEEE transactions on automatic control},
  volume={15},
  number={1},
  pages={10--17},
  year={1970},
  publisher={IEEE}
}

@article{azuma2017algebraic,
  title={An Algebraic Formalization of Forward and Forward-backward Algorithms},
  author={Azuma, Ai and Shimbo, Masashi and Matsumoto, Yuji},
  journal={arXiv preprint arXiv:1702.06941},
  year={2017}
}

@article{belle2016semiring,
  title={Semiring Programming: A Framework for Search, Inference and Learning},
  author={Belle, Vaishak and De Raedt, Luc},
  journal={arXiv preprint arXiv:1609.06954},
  year={2016}
}

@manual{bingham2017pyro,
  title={Pyro: deep universal probabilistic programming},
  author={Bingham, Eli and Chen, Jonathan P and Jankowiak, Martin and Karaletsos, Theofanis and Obermeyer, Fritz and Pradhan, Neeraj and Singh, Rohit and Szerlip, Paul and Goodman, Noah},
  year={2017},
  url={http://pyro.ai}
}

@article{bingham2018pyro,
  author = {Bingham, Eli and Chen, Jonathan P. and Jankowiak, Martin and Obermeyer, Fritz and
            Pradhan, Neeraj and Karaletsos, Theofanis and Singh, Rohit and Szerlip, Paul and
            Horsfall, Paul and Goodman, Noah D.},
  title = {{Pyro: Deep Universal Probabilistic Programming}},
  journal = {arXiv preprint arXiv:1810.09538},
  year = {2018}
}

@article{buntine1994operations,
  title={Operations for learning with graphical models},
  author={Buntine, Wray L},
  journal={Journal of artificial intelligence research},
  volume={2},
  pages={159--225},
  year={1994}
}

@article{carpenter2017stan,
  title={Stan: A probabilistic programming language},
  author={Carpenter, Bob and Gelman, Andrew and Hoffman, Matthew D and Lee, Daniel and Goodrich, Ben and Betancourt, Michael and Brubaker, Marcus and Guo, Jiqiang and Li, Peter and Riddell, Allen},
  journal={Journal of statistical software},
  volume={76},
  number={1},
  year={2017},
  publisher={Columbia Univ., New York, NY (United States); Harvard Univ., Cambridge, MA (United States)}
}

@article{chandrasekaran2012complexity,
  title={Complexity of inference in graphical models},
  author={Chandrasekaran, Venkat and Srebro, Nathan and Harsha, Prahladh},
  journal={arXiv preprint arXiv:1206.3240},
  year={2012}
}

@book{cowell2006probabilistic,
  title={Probabilistic networks and expert systems: Exact computational methods for Bayesian networks},
  author={Cowell, Robert G and Dawid, Philip and Lauritzen, Steffen L and Spiegelhalter, David J},
  year={2006},
  publisher={Springer Science \& Business Media}
}

@article{darwiche2003differential,
  title={A differential approach to inference in Bayesian networks},
  author={Darwiche, Adnan},
  journal={Journal of the ACM (JACM)},
  volume={50},
  number={3},
  pages={280--305},
  year={2003},
  publisher={ACM}
}

@article{dietz2010directed,
  title={Directed factor graph notation for generative models},
  author={Dietz, Laura},
  journal={Max Planck Institute for Informatics, Tech. Rep},
  year={2010}
}


@article{dillon2017tensorflow,
  title={TensorFlow Distributions},
  author={Dillon, Joshua V and Langmore, Ian and Tran, Dustin and Brevdo, Eugene and Vasudevan, Srinivas and Moore, Dave and Patton, Brian and Alemi, Alex and Hoffman, Matt and Saurous, Rif A},
  journal={arXiv preprint arXiv:1711.10604},
  year={2017}
}

@misc{Dua:2019,
author = "Dua, Dheeru and Graff, Casey",
year = "2017",
title = "{UCI} Machine Learning Repository",
url = "http://archive.ics.uci.edu/ml",
institution = "University of California, Irvine, School of Information and Computer Sciences"
}

@inproceedings{eisner2016inside,
  title={Inside-outside and forward-backward algorithms are just backprop (tutorial paper)},
  author={Eisner, Jason},
  booktitle={Proceedings of the Workshop on Structured Prediction for NLP},
  pages={1--17},
  year={2016}
}


@article{glynn1990likelihood,
  title={Likelihood ratio gradient estimation for stochastic systems},
  author={Glynn, Peter W},
  journal={Communications of the ACM},
  volume={33},
  number={10},
  pages={75--84},
  year={1990},
  publisher={ACM}
}

@misc{goodman2014dippl,
  title = {{The Design and Implementation of Probabilistic Programming Languages}},
  author = {Goodman, Noah D and Stuhlm\"{u}ller, Andreas},
  year = {2014},
  url = {http://dippl.org},
  note = {Accessed: 2018-7-30}
}

@article{gottlob2014treewidth,
  title={Treewidth and hypertree width},
  author={Gottlob, Georg and Greco, Gianluigi and Scarcello, Francesco},
  journal={Tractability: Practical Approaches to Hard Problems},
  volume={1},
  year={2014},
  publisher={Cambridge University Press}
}

@article{grathwohl2017backpropagation,
  title={Backpropagation through the void: Optimizing control variates for black-box gradient estimation},
  author={Grathwohl, Will and Choi, Dami and Wu, Yuhuai and Roeder, Geoff and Duvenaud, David},
  journal={arXiv preprint arXiv:1711.00123},
  year={2017}
}

@article{hoffman2013stochastic,
  title={Stochastic variational inference},
  author={Hoffman, Matthew D and Blei, David M and Wang, Chong and Paisley, John},
  journal={The Journal of Machine Learning Research},
  volume={14},
  number={1},
  pages={1303--1347},
  year={2013},
  publisher={JMLR. org}
}

@incollection{jensen1994optimal,
  title={Optimal junction trees},
  author={Jensen, Finn V and Jensen, Frank},
  booktitle={Uncertainty Proceedings 1994},
  pages={360--366},
  year={1994},
  publisher={Elsevier}
}

@article{kschischang2001factor,
  title={Factor graphs and the sum-product algorithm},
  author={Kschischang, Frank R and Frey, Brendan J and Loeliger, H-A},
  journal={IEEE Transactions on information theory},
  volume={47},
  number={2},
  pages={498--519},
  year={2001},
  publisher={IEEE}
}

@article{neal2011mcmc,
  title={MCMC using Hamiltonian dynamics},
  author={Neal, Radford M and others},
  journal={Handbook of Markov Chain Monte Carlo},
  volume={2},
  number={11},
  pages={2},
  year={2011}
}

@inproceedings{obermeyer2019tensor,
  title={Tensor Variable Elimination for Plated Factor Graphs},
  author={Obermeyer, Fritz and Bingham, Eli and Jankowiak, Martin and Pradhan, Neeraj and Chiu, Justin and Rush, Alexander and Goodman, Noah},
  booktitle={International Conference on Machine Learning},
  pages={4871--4880},
  year={2019}
}

@article{paisley2012variational,
  title={Variational Bayesian inference with stochastic search},
  author={Paisley, John and Blei, David and Jordan, Michael},
  journal={arXiv preprint arXiv:1206.6430},
  year={2012}
}

@inproceedings{paszke2017automatic,
  title={Automatic differentiation in PyTorch},
  author={Paszke, Adam and Gross, Sam and Chintala, Soumith and Chanan, Gregory and Yang, Edward and DeVito, Zachary and Lin, Zeming and Desmaison, Alban and Antiga, Luca and Lerer, Adam},
  booktitle={NIPS-W},
  year={2017}
}

@inproceedings{tucker2017rebar,
  title={Rebar: Low-variance, unbiased gradient estimates for discrete latent variable models},
  author={Tucker, George and Mnih, Andriy and Maddison, Chris J and Lawson, John and Sohl-Dickstein, Jascha},
  booktitle={Advances in Neural Information Processing Systems},
  pages={2627--2636},
  year={2017}
}

@article{walt2011numpy,
  title={The NumPy array: a structure for efficient numerical computation},
  author={Walt, St{\'e}fan van der and Colbert, S Chris and Varoquaux, Gael},
  journal={Computing in Science \& Engineering},
  volume={13},
  number={2},
  pages={22--30},
  year={2011},
  publisher={IEEE}
}

@inproceedings{wingate2011nonstandard,
  title={Nonstandard interpretations of probabilistic programs for efficient inference},
  author={Wingate, David and Goodman, Noah and Stuhlm{\"u}ller, Andreas and Siskind, Jeffrey M},
  booktitle={Advances in Neural Information Processing Systems},
  pages={1152--1160},
  year={2011}
}

@article{williams1992simple,
  title={Simple statistical gradient-following algorithms for connectionist reinforcement learning},
  author={Williams, Ronald J},
  journal={Machine learning},
  volume={8},
  number={3-4},
  pages={229--256},
  year={1992},
  publisher={Springer}
}

%----------------------------------------------------------------------------------------------------------

@article{abseher2017improving,
  title={Improving the efficiency of dynamic programming on tree decompositions via machine learning},
  author={Abseher, Michael and Musliu, Nysret and Woltran, Stefan},
  journal={Journal of Artificial Intelligence Research},
  volume={58},
  pages={829--858},
  year={2017}
}

@article{aitchison2018tensor,
  title={Tensor Monte Carlo: particle methods for the GPU era},
  author={Aitchison, Laurence},
  journal={arXiv preprint arXiv:1806.08593},
  year={2018}
}

@article{cichocki2014era,
  title={Era of big data processing: A new approach via tensor networks and tensor decompositions},
  author={Cichocki, Andrzej},
  journal={arXiv preprint arXiv:1403.2048},
  year={2014}
}

@article{evans2018discretely,
  title={Discretely Relaxing Continuous Variables for tractable Variational Inference},
  author={Evans, Trefor W and Nair, Prasanth B},
  journal={arXiv preprint arXiv:1809.04279},
  year={2018}
}

@article{hirata2003tensor,
  title={Tensor contraction engine: Abstraction and automated parallel implementation of configuration-interaction, coupled-cluster, and many-body perturbation theories},
  author={Hirata, So},
  journal={The Journal of Physical Chemistry A},
  volume={107},
  number={46},
  pages={9887--9897},
  year={2003},
  publisher={ACS Publications},
}

@inproceedings{khamis2016faq,
  title={FAQ: questions asked frequently},
  author={Khamis, Mahmoud Abo and Ngo, Hung Q and Rudra, Atri},
  booktitle={Proceedings of the 35th ACM SIGMOD-SIGACT-SIGAI Symposium on Principles of Database Systems},
  pages={13--28},
  year={2016},
  organization={ACM}
}

@article{kohlas2008semiring,
  title={Semiring induced valuation algebras: Exact and approximate local computation algorithms},
  author={Kohlas, Juerg and Wilson, Nic},
  journal={Artificial Intelligence},
  volume={172},
  number={11},
  pages={1360--1399},
  year={2008},
  publisher={Elsevier}
}

@inproceedings{kwisthout2010necessity,
  title={The Necessity of Bounded Treewidth for Efficient Inference in Bayesian Networks.},
  author={Kwisthout, Johan and Bodlaender, Hans L and van der Gaag, Linda C},
  booktitle={ECAI},
  volume={215},
  pages={237--242},
  year={2010}
}

@article{lauritzen1988local,
  title={Local computations with probabilities on graphical structures and their application to expert systems},
  author={Lauritzen, Steffen L and Spiegelhalter, David J},
  journal={Journal of the Royal Statistical Society. Series B (Methodological)},
  pages={157--224},
  year={1988},
  publisher={JSTOR}
}

@article{mensch2018differentiable,
  title={Differentiable dynamic programming for structured prediction and attention},
  author={Mensch, Arthur and Blondel, Mathieu},
  journal={arXiv preprint arXiv:1802.03676},
  year={2018}
}

@article{pearl1986fusion,
  title={Fusion, propagation, and structuring in belief networks},
  author={Pearl, Judea},
  journal={Artificial intelligence},
  volume={29},
  number={3},
  pages={241--288},
  year={1986},
  publisher={Elsevier}
}

@article{smith2018opt_einsum,
  author={Smith, Daniel G. A. and Gray, Johnnie},
  year={2018},
  title={{\tt opt\_einsum} - A Python package for optimizing contraction order for einsum-like expressions},
  journal={Journal of Open Source Software},
  volume={3},
  number={26},
  pages={753},
  url={https://doi.org/10.21105/joss.00753},
}

@article{solomonik2014massively,
  title={A massively parallel tensor contraction framework for coupled-cluster computations},
  author={Solomonik, Edgar and Matthews, Devin and Hammond, Jeff R and Stanton, John F and Demmel, James},
  journal={Journal of Parallel and Distributed Computing},
  volume={74},
  number={12},
  pages={3176--3190},
  year={2014},
  publisher={Elsevier}
}

@article{trapp2018learning,
  title={Learning Deep Mixtures of Gaussian Process Experts Using Sum-Product Networks},
  author={Trapp, Martin and Peharz, Robert and Rasmussen, Carl E and Pernkopf, Franz},
  journal={arXiv preprint arXiv:1809.04400},
  year={2018}
}

@article{van2000ubiquitous,
  title={The ubiquitous Kronecker product},
  author={Van Loan, Charles F},
  journal={Journal of computational and applied mathematics},
  volume={123},
  number={1-2},
  pages={85--100},
  year={2000},
  publisher={Elsevier}
}

@misc{wiebe2011einsum,
  title={Numpy-discussion: einsum},
  author={Wiebe, Mark},
  year={2011. URL https://mail.python.org/pipermail/numpy-discussion/2011-January/054586.html},
  month={January},
}

@inproceedings{amos2018differentiable,
  title={Differentiable MPC for End-to-end Planning and Control},
  author={Amos, Brandon and Jimenez, Ivan and Sacks, Jacob and Boots, Byron and Kolter, J Zico},
  booktitle={Advances in Neural Information Processing Systems},
  pages={8298--8309},
  year={2018}
}

@article{amos2017optnet,
  title={Optnet: Differentiable optimization as a layer in neural networks},
  author={Amos, Brandon and Kolter, J Zico},
  journal={arXiv preprint arXiv:1703.00443},
  year={2017}
}

@inproceedings{djolonga2017differentiable,
  title={Differentiable Learning of Submodular Models},
  author={Djolonga, Josip and Krause, Andreas},
  booktitle={Advances in Neural Information Processing Systems},
  pages={1013--1023},
  year={2017}
}

@article{chen2018neural,
  title={Neural Ordinary Differential Equations},
  author={Chen, Tian Qi and Rubanova, Yulia and Bettencourt, Jesse and Duvenaud, David},
  journal={arXiv preprint arXiv:1806.07366},
  year={2018}
}

@article{ghahramani2001introduction,
  title={An introduction to hidden Markov models and Bayesian networks},
  author={Ghahramani, Zoubin},
  journal={International journal of pattern recognition and artificial intelligence},
  volume={15},
  number={01},
  pages={9--42},
  year={2001},
  publisher={World Scientific}
}

@inproceedings{ghahramani1996factorial,
  title={Factorial hidden Markov models},
  author={Ghahramani, Zoubin and Jordan, Michael I},
  booktitle={Advances in Neural Information Processing Systems},
  pages={472--478},
  year={1996}
}

@article{boulanger2012modeling,
  title={Modeling temporal dependencies in high-dimensional sequences: Application to polyphonic music generation and transcription},
  author={Boulanger-Lewandowski, Nicolas and Bengio, Yoshua and Vincent, Pascal},
  journal={arXiv preprint arXiv:1206.6392},
  year={2012}
}

@article{kingma2014adam,
  title={Adam: A method for stochastic optimization},
  author={Kingma, Diederik P and Ba, Jimmy},
  journal={arXiv preprint arXiv:1412.6980},
  year={2014}
}

@article{raftery1985model,
  title={A model for high-order Markov chains},
  author={Raftery, Adrian E},
  journal={Journal of the Royal Statistical Society. Series B (Methodological)},
  pages={528--539},
  year={1985},
  publisher={JSTOR}
}

@article{bayer2014learning,
  title={Learning stochastic recurrent networks},
  author={Bayer, Justin and Osendorfer, Christian},
  journal={arXiv preprint arXiv:1411.7610},
  year={2014}
}

@inproceedings{gu2015neural,
  title={Neural adaptive sequential monte carlo},
  author={Gu, Shixiang Shane and Ghahramani, Zoubin and Turner, Richard E},
  booktitle={Advances in Neural Information Processing Systems},
  pages={2629--2637},
  year={2015}
}

@inproceedings{krishnan2017structured,
  title={Structured Inference Networks for Nonlinear State Space Models.},
  author={Krishnan, Rahul G and Shalit, Uri and Sontag, David},
  booktitle={AAAI},
  pages={2101--2109},
  year={2017}
}

@article{blei2017variational,
  title={Variational inference: A review for statisticians},
  author={Blei, David M and Kucukelbir, Alp and McAuliffe, Jon D},
  journal={Journal of the American Statistical Association},
  volume={112},
  number={518},
  pages={859--877},
  year={2017},
  publisher={Taylor \& Francis}
}

@article{jordan1999introduction,
  title={An introduction to variational methods for graphical models},
  author={Jordan, Michael I and Ghahramani, Zoubin and Jaakkola, Tommi S and Saul, Lawrence K},
  journal={Machine learning},
  volume={37},
  number={2},
  pages={183--233},
  year={1999},
  publisher={Springer}
}

@inproceedings{kingma2014semi,
  title={Semi-supervised learning with deep generative models},
  author={Kingma, Durk P and Mohamed, Shakir and Rezende, Danilo Jimenez and Welling, Max},
  booktitle={Advances in neural information processing systems},
  pages={3581--3589},
  year={2014}
}

@article{mcclintock2013combining,
  title={Combining individual animal movement and ancillary biotelemetry data to investigate population-level activity budgets},
  author={McClintock, Brett T and Russell, Deborah JF and Matthiopoulos, Jason and King, Ruth},
  journal={Ecology},
  volume={94},
  number={4},
  pages={838--849},
  year={2013},
  publisher={Wiley Online Library}
}

@article{mcclintock2018momentuhmm,
  author = {McClintock, Brett T. and Michelot, Théo},
  title = {momentuHMM: R package for generalized hidden Markov models of animal movement},
  journal = {Methods in Ecology and Evolution},
  volume = {9},
  number = {6},
  pages = {1518-1530},
  keywords = {biologging, biotelemetry, crawl, moveHMM, state-space model, state-switching},
  doi = {10.1111/2041-210X.12995},
  year = {2018}
}

@book{zucchini2016hidden,
  title={Hidden Markov models for time series: an introduction using R},
  author={Zucchini, Walter and MacDonald, Iain L and Langrock, Roland},
  year={2016},
  publisher={Chapman and Hall/CRC}
}

@techreport{smolensky1986information,
  title={Information processing in dynamical systems: Foundations of harmony theory},
  author={Smolensky, Paul},
  year={1986},
  institution={COLORADO UNIV AT BOULDER DEPT OF COMPUTER SCIENCE}
}

@article{towner2016sex,
  title={Sex-specific and individual preferences for hunting strategies in white sharks},
  author={Towner, Alison V and Leos-Barajas, Vianey and Langrock, Roland and Schick, Robert S and Smale, Malcolm J and Kaschke, Tami and Jewell, Oliver JD and Papastamatiou, Yannis P},
  journal={Functional Ecology},
  volume={30},
  number={8},
  pages={1397--1407},
  year={2016},
  publisher={Wiley Online Library}
}

@misc{towner2015data,
  title = {Data from: Sex-specific and individual preferences for hunting strategies in white sharks},
  author = {Towner, AV and Leos-Barajas, V and Langrock, R and Shick, RS and Smale, MJ and Kaschke, T and Jewell, OJD and Papastamatiou, YP},
  year = {2015},
  journal = {Functional Ecology},
  URL = {https://doi.org/10.5061/dryad.q90fm},
  doi = {doi:10.5061/dryad.q90fm},
  publisher = {Dryad Digital Repository}
}

@inproceedings{sutskever2009recurrent,
  title={The recurrent temporal restricted boltzmann machine},
  author={Sutskever, Ilya and Hinton, Geoffrey E and Taylor, Graham W},
  booktitle={Advances in neural information processing systems},
  pages={1601--1608},
  year={2009}
}

@article{taghipour2013lifted,
  title={Lifted variable elimination: Decoupling the operators from the constraint language},
  author={Taghipour, Nima and Fierens, Daan and Davis, Jesse and Blockeel, Hendrik},
  journal={Journal of Artificial Intelligence Research},
  volume={47},
  pages={393--439},
  year={2013}
}

@inproceedings{gan2015deep,
  title={Deep temporal sigmoid belief networks for sequence modeling},
  author={Gan, Zhe and Li, Chunyuan and Henao, Ricardo and Carlson, David E and Carin, Lawrence},
  booktitle={Advances in Neural Information Processing Systems},
  pages={2467--2475},
  year={2015}
}

@incollection{ramsey2009problem,
  title={On a problem of formal logic},
  author={Ramsey, Frank P},
  booktitle={Classic Papers in Combinatorics},
  pages={1--24},
  year={1930},
  publisher={Springer}
}

@inproceedings{musser1988generic,
  title={Generic programming},
  author={Musser, David R and Stepanov, Alexander A},
  booktitle={International Symposium on Symbolic and Algebraic Computation},
  pages={13--25},
  year={1988},
  organization={Springer}
}

% Sentihood citations
@InProceedings{sentihood,
  author = 	"Saeidi, Marzieh
		and Bouchard, Guillaume
		and Liakata, Maria
		and Riedel, Sebastian",
  title = 	"SentiHood: Targeted Aspect Based Sentiment Analysis Dataset for Urban Neighbourhoods",
  booktitle = 	"Proceedings of COLING 2016, the 26th International Conference on Computational Linguistics: Technical Papers",
  year = 	"2016",
  publisher = 	"The COLING 2016 Organizing Committee",
  pages = 	"1546--1556",
  location = 	"Osaka, Japan",
  url = 	"http://aclweb.org/anthology/C16-1146"
}

@article{sentic,
  author    = {Yukun Ma and
               Haiyun Peng and
               Tahir Khan and
               Erik Cambria and
               Amir Hussain},
  title     = {Sentic {LSTM:} a Hybrid Network for Targeted Aspect-Based Sentiment
               Analysis},
  journal   = {Cognitive Computation},
  volume    = {10},
  number    = {4},
  pages     = {639--650},
  year      = {2018}
}

@InProceedings{rentnet,
  author = 	"Liu, Fei
		and Cohn, Trevor
		and Baldwin, Timothy",
  title = 	"Recurrent Entity Networks with Delayed Memory Update for Targeted      Aspect-Based Sentiment Analysis    ",
  booktitle = 	"Proceedings of the 2018 Conference of the North American Chapter of the      Association for Computational Linguistics: Human Language Technologies,      Volume 2 (Short Papers)    ",
  year = 	"2018",
  publisher = 	"Association for Computational Linguistics",
  pages = 	"278--283",
  location = 	"New Orleans, Louisiana",
  doi = 	"10.18653/v1/N18-2045",
}

@INPROCEEDINGS{glove,
    author = {Jeffrey Pennington and Richard Socher and Christopher D. Manning},
    title = {Glove: Global vectors for word representation},
    booktitle = {In EMNLP},
    year = {2014}
}

@ARTICLE{spacy,
   AUTHOR  = {Honnibal, Matthew AND Montani, Ines},
   TITLE   = {spaCy 2: Natural language understanding with Bloom embeddings, convolutional neural networks and incremental parsing},
   YEAR    = {2017},
   JOURNAL = {To appear}
}

@inproceedings{lafferty2001crf,
 author = {Lafferty, John D. and McCallum, Andrew and Pereira, Fernando C. N.},
 title = {Conditional Random Fields: Probabilistic Models for Segmenting and Labeling Sequence Data},
 booktitle = {Proceedings of the Eighteenth International Conference on Machine Learning},
 series = {ICML '01},
 year = {2001},
 isbn = {1-55860-778-1},
 pages = {282--289},
 numpages = {8},
 acmid = {655813},
 publisher = {Morgan Kaufmann Publishers Inc.},
 address = {San Francisco, CA, USA},
}

@article{bilmes2010dynamic,
  title={Dynamic graphical models},
  author={Bilmes, Jeff},
  journal={IEEE Signal Processing Magazine},
  volume={27},
  number={6},
  pages={29--42},
  year={2010},
  publisher={IEEE}
}

@misc{InferNET18,
author = "Minka, T. and Winn, J.M. and Guiver, J.P. and Zaykov, Y. and Fabian, D. and Bronskill, J.",
title = {/{Infer.NET 0.3}},
year = 2018,
note = {Microsoft Research Cambridge. http://dotnet.github.io/infer}
}

@article{sarkka2019temporal,
  title={Temporal Parallelization of Bayesian Filters and Smoothers},
  author={S{\"a}rkk{\"a}, Simo and Garc{\'\i}a-Fern{\'a}ndez, {\'A}ngel F},
  journal={arXiv preprint arXiv:1905.13002},
  year={2019}
}

@article{foerster2018dice,
  title={Dice: The infinitely differentiable monte-carlo estimator},
  author={Foerster, Jakob and Farquhar, Gregory and Al-Shedivat, Maruan and Rockt{\"a}schel, Tim and Xing, Eric P and Whiteson, Shimon},
  journal={arXiv preprint arXiv:1802.05098},
  year={2018}
}

@inproceedings{schulman2015gradient,
  title={Gradient estimation using stochastic computation graphs},
  author={Schulman, John and Heess, Nicolas and Weber, Theophane and Abbeel, Pieter},
  booktitle={Advances in Neural Information Processing Systems},
  pages={3528--3536},
  year={2015}
}

@book{anderson1979optimal,
  title={Optimal filtering},
  author={Anderson, Brian and Moore, John B},
  year={1979},
  publisher={Prentice-Hall}
}

@book{bar1995multitarget,
  title={Multitarget-multisensor tracking: principles and techniques},
  author={Bar-Shalom, Yaakov and Li, Xiao-Rong},
  volume={19},
  year={1995},
  publisher={YBs Storrs, CT}
}

@incollection{arasaratnam2015cubature,
  title={Cubature Information Filters: Theory and Applications to Multisensor Fusion},
  author={Arasaratnam, Ienkaran and Chandra, KP Bharani},
  booktitle={Multisensor Data Fusion},
  pages={216--229},
  year={2015},
  publisher={CRC Press},
  url={https://www.haranarasaratnam.com/docs/Chap_Fusion.pdf}
}

@book{oliphant2006guide, 
  title={A guide to NumPy}, 
  author={Oliphant, Travis E}, 
  volume={1}, 
  year={2006}, 
  publisher={Trelgol Publishing USA} 
}

@book{barendregt2013lambda,
  title={Lambda calculus with types},
  author={Barendregt, Henk and Dekkers, Wil and Statman, Richard},
  year={2013},
  publisher={Cambridge University Press}
}

@article{wu2018discrete,
  title={Discrete-Continuous Mixtures in Probabilistic Programming: Generalized Semantics and Inference Algorithms},
  author={Wu, Yi and Srivastava, Siddharth and Hay, Nicholas and Du, Simon and Russell, Stuart},
  journal={arXiv preprint arXiv:1806.02027},
  year={2018}
}

@article{murray2017delayed,
  title={Delayed sampling and automatic rao-blackwellization of probabilistic programs},
  author={Murray, Lawrence M and Lund{\'e}n, Daniel and Kudlicka, Jan and Broman, David and Sch{\"o}n, Thomas B},
  journal={arXiv preprint arXiv:1708.07787},
  year={2017}
}

@inproceedings{hoffman2018autoconj,
  title={Autoconj: recognizing and exploiting conjugacy without a domain-specific language},
  author={Hoffman, Matthew D},
  booktitle={Advances in Neural Information Processing Systems},
  pages={10716--10726},
  year={2018}
}

@inproceedings{narayanan2016probabilistic,
	title = {Probabilistic inference by program transformation in Hakaru (system description)},
	author = {Narayanan, Praveen and Carette, Jacques and Romano, Wren and Shan, Chung{-}chieh and Zinkov, Robert},
	booktitle = {International Symposium on Functional and Logic Programming - 13th International Symposium, {FLOPS} 2016, Kochi, Japan, March 4-6, 2016, Proceedings},
	pages = {62--79},
	year = {2016},
	organization = {Springer},
	url = {http://dx.doi.org/10.1007/978-3-319-29604-3_5},
	doi = {10.1007/978-3-319-29604-3_5},
}

@misc{frostig2018compiling,
  title={Compiling machine learning programs via high-level tracing},
  author={Frostig, Roy and Johnson, Matthew James and Leary, Chris},
  year={2018},
  publisher={SysML}
}

@misc{goodman2014design,
  title = {{The Design and Implementation of Probabilistic Programming Languages}},
  author = {Goodman, Noah D and Stuhlm\"{u}ller, Andreas},
  year = {2014},
  howpublished = {\url{http://dippl.org}},
  note = {Accessed: 2019-8-29}
}

@article{murray2018automated,
  title={Automated learning with a probabilistic programming language: Birch},
  author={Murray, Lawrence M and Sch{\"o}n, Thomas B},
  journal={Annual Reviews in Control},
  year={2018},
  publisher={Elsevier}
}

@article{tran2017deep,
  title={Deep probabilistic programming},
  author={Tran, Dustin and Hoffman, Matthew D and Saurous, Rif A and Brevdo, Eugene and Murphy, Kevin and Blei, David M},
  journal={arXiv preprint arXiv:1701.03757},
  year={2017}
}

@article{baudart2019reactive,
  title={Reactive probabilistic programming},
  author={Baudart, Guillaume and Mandel, Louis and Atkinson, Eric and Sherman, Benjamin and Pouzet, Marc and Carbin, Michael},
  journal={arXiv preprint arXiv:1989.07563},
  year={2019}
}

@inproceedings{gehr2016psi,
  title={PSI: Exact symbolic inference for probabilistic programs},
  author={Gehr, Timon and Misailovic, Sasa and Vechev, Martin},
  booktitle={International Conference on Computer Aided Verification},
  pages={62--83},
  year={2016},
  organization={Springer}
}

@inproceedings{carette2016simplifying,
  title={Simplifying probabilistic programs using computer algebra},
  author={Carette, Jacques and Shan, Chung-chieh},
  booktitle={International Symposium on Practical Aspects of Declarative Languages},
  pages={135--152},
  year={2016},
  organization={Springer}
}

@inproceedings{cousot1977abstract,
  title={Abstract interpretation: a unified lattice model for static analysis of programs by construction or approximation of fixpoints},
  author={Cousot, Patrick and Cousot, Radhia},
  booktitle={Proceedings of the 4th ACM SIGACT-SIGPLAN symposium on Principles of programming languages},
  pages={238--252},
  year={1977},
  organization={ACM}
}

@inproceedings{minka2001expectation,
  title={Expectation propagation for approximate Bayesian inference},
  author={Minka, Thomas P},
  booktitle={Proceedings of the Seventeenth conference on Uncertainty in artificial intelligence},
  pages={362--369},
  year={2001},
  organization={Morgan Kaufmann Publishers Inc.}
}

@article{baydin2018automatic,
  title={Automatic differentiation in machine learning: a survey},
  author={Baydin, Atilim Gunes and Pearlmutter, Barak A and Radul, Alexey Andreyevich and Siskind, Jeffrey Mark},
  journal={Journal of machine learning research},
  volume={18},
  number={153},
  year={2018}
}

@article{van2018introduction,
  title={An introduction to probabilistic programming},
  author={van de Meent, Jan-Willem and Paige, Brooks and Yang, Hongseok and Wood, Frank},
  journal={arXiv preprint arXiv:1809.10756},
  year={2018}
}

@inproceedings{ranganath2014black,
  title={Black box variational inference},
  author={Ranganath, Rajesh and Gerrish, Sean and Blei, David},
  booktitle={Artificial Intelligence and Statistics},
  pages={814--822},
  year={2014}
}

@article{kingma2013auto,
  title={Auto-encoding variational bayes},
  author={Kingma, Diederik P and Welling, Max},
  journal={arXiv preprint arXiv:1312.6114},
  year={2013}
}a

@article{rezende2014stochastic,
  title={Stochastic backpropagation and approximate inference in deep generative models},
  author={Rezende, Danilo Jimenez and Mohamed, Shakir and Wierstra, Daan},
  journal={arXiv preprint arXiv:1401.4082},
  year={2014}
}

@article{gneiting2007strictly,
  title={Strictly proper scoring rules, prediction, and estimation},
  author={Gneiting, Tilmann and Raftery, Adrian E},
  journal={Journal of the American Statistical Association},
  volume={102},
  number={477},
  pages={359--378},
  year={2007},
  publisher={Taylor \& Francis}
}

@article{mazor1998interacting,
  title={Interacting multiple model methods in target tracking: a survey},
  author={Mazor, Efim and Averbuch, Amir and Bar-Shalom, Yakov and Dayan, Joshua},
  journal={IEEE Transactions on aerospace and electronic systems},
  volume={34},
  number={1},
  pages={103--123},
  year={1998},
  publisher={IEEE}
}

@MISC{bart2019ridership,
  author = {BART},
  title = {Bay {A}rea {R}apid {T}ransit: Ridership Reports},
  year = {2019},
  howpublished={\url{https://www.bart.gov/about/reports/ridership}}
}

@inproceedings{dechter1997mini,
  title={Mini-buckets: A general scheme for generating approximations in automated reasoning},
  author={Dechter, Rina},
  booktitle={IJCAI},
  volume={97},
  pages={1297--1303},
  year={1997},
  organization={Citeseer}
}

@inproceedings{obermeyer2018automated,
  title={Automated enumeration of discrete latent variables},
  author={Obermeyer, Fritz and Bingham, Eli and Jankowiak, Martin and Pradhan, Neeraj and Goodman, Noah},
  booktitle={The International Conference on Probabilistic Programming (PROBPROG)},
  year={2018}
}

@article{carette2009finally,
  title={Finally tagless, partially evaluated: Tagless staged interpreters for simpler typed languages},
  author={Carette, Jacques and Kiselyov, Oleg and Shan, Chung-chieh},
  journal={Journal of Functional Programming},
  volume={19},
  number={5},
  pages={509--543},
  year={2009},
  publisher={Cambridge University Press}
}

@software{jax2018github,
  author = {James Bradbury and Roy Frostig and Peter Hawkins and Matthew James Johnson and Chris Leary and Dougal Maclaurin and Skye Wanderman-Milne},
  title = {{JAX}: composable transformations of {P}ython+{N}um{P}y programs},
  url = {http://github.com/google/jax},
  version = {0.1.55},
  year = {2018},
}
