@Misc{probprog2020instructions,
    title = {Formatting Instructions for {PROBPROG 2020} Abstracts},
    author = {Mansinghka, Vikash and Pfeffer, Avi and Tristan, Jean-Baptiste and van de Meent, Jan-Willem},
    year = {2020},
    howpublished = {\url{https://probprog.cc/2020/probprog-2020-style.zip}}
}

@Manual{Fear05,
  title =        {Publication quality tables in {\LaTeX}},
  author =       {Simon Fear},
  year =         2005,
  month =        apr,
  note =         {\url{http://www.ctan.org/pkg/booktabs}}
}

@book{lamport:latex,
author = "Leslie Lamport",
title = "\it {\LaTeX}: A Document Preparation System",
publisher = "Addison-Wesley",
address = "Reading, MA.",
year = 1986}

 